<?xml version="1.0" encoding="UTF-8"?>
<OAI-PMH xmlns="http://www.openarchives.org/OAI/2.0/" xmlns:xsi="http://www.w3.org/2001/XMLSchema-instance" xsi:schemaLocation="http://www.openarchives.org/OAI/2.0/ http://www.openarchives.org/OAI/2.0/OAI-PMH.xsd">
<ListRecords>
<record>
<header status="updated">
<identifier>urm_publish:71277116840002121</identifier>
</header>
<metadata>
<record xmlns="http://www.loc.gov/MARC21/slim" xmlns:xsi="http://www.w3.org/2001/XMLSchema-instance" xsi:schemaLocation="http://www.loc.gov/MARC21/slim http://www.loc.gov/standards/marcxml/schema/MARC21slim.xsd" ><leader>01099nam a2200337 i 4500</leader><controlfield tag="005">19990604082155.0</controlfield><controlfield tag="008">750418t19761976nyua     b    00110 eng  </controlfield><controlfield tag="001">999479894602121</controlfield><datafield tag="010" ind1=" " ind2=" "><subfield code="a">   75012941 </subfield></datafield><datafield tag="020" ind1=" " ind2=" "><subfield code="a">0070448256</subfield></datafield><datafield tag="035" ind1=" " ind2=" "><subfield code="a">(OCoLC)01339838</subfield></datafield><datafield tag="035" ind1=" " ind2=" "><subfield code="9">AAQ4206UW</subfield></datafield><datafield tag="035" ind1=" " ind2=" "><subfield code="a">(WU)138601-uwmadisondb</subfield></datafield><datafield tag="040" ind1=" " ind2=" "><subfield code="a">DLC</subfield><subfield code="b">eng</subfield><subfield code="c">DLC</subfield><subfield code="d">GZM</subfield></datafield><datafield tag="050" ind1="0" ind2=" "><subfield code="a">TP155.7</subfield><subfield code="b">.M3 1976</subfield></datafield><datafield tag="082" ind1=" " ind2=" "><subfield code="a">660.2/842</subfield></datafield><datafield tag="100" ind1="1" ind2=" "><subfield code="a">McCabe, Warren L.</subfield><subfield code="q">(Warren Lee),</subfield><subfield code="d">1899-</subfield><subfield code="2">LCNAMES</subfield><subfield code="0">41-LIBRARY_OF_CONGRESS-n  84014317</subfield><subfield code="9">Y</subfield></datafield><datafield tag="245" ind1="1" ind2="0"><subfield code="a">Unit operations of chemical engineering /</subfield><subfield code="c">Warren L. McCabe, Julian C. Smith.</subfield></datafield><datafield tag="250" ind1=" " ind2=" "><subfield code="a">Third edition.</subfield></datafield><datafield tag="264" ind1=" " ind2="1"><subfield code="a">New York :</subfield><subfield code="b">McGraw-Hill,</subfield><subfield code="c">[1976]</subfield></datafield><datafield tag="264" ind1=" " ind2="4"><subfield code="c">©1976</subfield></datafield><datafield tag="300" ind1=" " ind2=" "><subfield code="a">viii, 1028 pages :</subfield><subfield code="b">illustrations ;</subfield><subfield code="c">25 cm.</subfield></datafield><datafield tag="336" ind1=" " ind2=" "><subfield code="a">text</subfield><subfield code="b">txt</subfield><subfield code="2">rdacontent</subfield></datafield><datafield tag="337" ind1=" " ind2=" "><subfield code="a">unmediated</subfield><subfield code="b">n</subfield><subfield code="2">rdamedia</subfield></datafield><datafield tag="338" ind1=" " ind2=" "><subfield code="a">volume</subfield><subfield code="b">nc</subfield><subfield code="2">rdacarrier</subfield></datafield><datafield tag="490" ind1="1" ind2=" "><subfield code="a">McGraw-Hill chemical engineering series</subfield></datafield><datafield tag="504" ind1=" " ind2=" "><subfield code="a">Includes bibliographies and index.</subfield></datafield><datafield tag="650" ind1=" " ind2="0"><subfield code="a">Chemical processes.</subfield><subfield code="2">LCSH</subfield><subfield code="0">41-LIBRARY_OF_CONGRESS-sh 85022948</subfield><subfield code="9">Y</subfield></datafield><datafield tag="700" ind1="1" ind2=" "><subfield code="a">Smith, Julian C.</subfield><subfield code="q">(Julian Cleveland),</subfield><subfield code="d">1919-</subfield><subfield code="2">LCNAMES</subfield><subfield code="0">41-LIBRARY_OF_CONGRESS-n  84014316</subfield><subfield code="9">Y</subfield></datafield><datafield tag="830" ind1=" " ind2="0"><subfield code="a">McGraw-Hill chemical engineering series.</subfield><subfield code="2">LCNAMES</subfield><subfield code="0">41-LIBRARY_OF_CONGRESS-n  42016112</subfield><subfield code="9">Y</subfield></datafield><datafield tag="997" ind1=" " ind2=" "><subfield code="a">MARCIVE</subfield></datafield><datafield tag="100" ind1="1" ind2=" "><subfield code="w">nnaa</subfield><subfield code="a">McCabe, Warren Lee,</subfield><subfield code="d">1899-</subfield><subfield code="2">LCNAMES</subfield><subfield code="0">41-LIBRARY_OF_CONGRESS-n  84014317</subfield><subfield code="9">N</subfield></datafield><datafield tag="700" ind1="1" ind2=" "><subfield code="w">nnaa</subfield><subfield code="a">Smith, Julian Cleveland,</subfield><subfield code="d">1919-</subfield><subfield code="2">LCNAMES</subfield><subfield code="0">41-LIBRARY_OF_CONGRESS-n  84014316</subfield><subfield code="9">N</subfield></datafield><datafield tag="700" ind1="1" ind2=" "><subfield code="a">Smith, Ted,</subfield><subfield code="d">1919-</subfield><subfield code="2">LCNAMES</subfield><subfield code="0">41-LIBRARY_OF_CONGRESS-n  84014316</subfield><subfield code="9">N</subfield></datafield><datafield tag="830" ind1=" " ind2="0"><subfield code="a">Chemical engineering series (New York, N.Y.)</subfield><subfield code="2">LCNAMES</subfield><subfield code="0">41-LIBRARY_OF_CONGRESS-n  42016112</subfield><subfield code="9">N</subfield></datafield><datafield tag="830" ind1=" " ind2="0"><subfield code="a">McGraw-Hill's chemical engineering series</subfield><subfield code="2">LCNAMES</subfield><subfield code="0">41-LIBRARY_OF_CONGRESS-n  42016112</subfield><subfield code="9">N</subfield></datafield><datafield tag="830" ind1=" " ind2="0"><subfield code="a">McGraw-Hill series in chemical engineering</subfield><subfield code="2">LCNAMES</subfield><subfield code="0">41-LIBRARY_OF_CONGRESS-n  42016112</subfield><subfield code="9">R</subfield></datafield><datafield tag="650" ind1=" " ind2="0"><subfield code="a">Processes, Chemical</subfield><subfield code="2">LCSH</subfield><subfield code="0">41-LIBRARY_OF_CONGRESS-sh 85022948</subfield><subfield code="9">N</subfield></datafield><datafield tag="650" ind1=" " ind2="0"><subfield code="w">g</subfield><subfield code="a">Chemical engineering</subfield><subfield code="2">LCSH</subfield><subfield code="0">41-LIBRARY_OF_CONGRESS-sh 85022948</subfield><subfield code="9">R</subfield></datafield><datafield tag="650" ind1=" " ind2="0"><subfield code="a">Chemical reactions</subfield><subfield code="2">LCSH</subfield><subfield code="0">41-LIBRARY_OF_CONGRESS-sh 85022948</subfield><subfield code="9">R</subfield></datafield><datafield tag="650" ind1=" " ind2="0"><subfield code="w">g</subfield><subfield code="a">Manufacturing processes</subfield><subfield code="2">LCSH</subfield><subfield code="0">41-LIBRARY_OF_CONGRESS-sh 85022948</subfield><subfield code="9">R</subfield></datafield><datafield tag="INST" ind1=" " ind2=" "><subfield code="a">01UWI_NETWORK</subfield><subfield code="b">P</subfield><subfield code="c">71277116840002121</subfield></datafield><datafield tag="INST" ind1=" " ind2=" "><subfield code="a">01UWI_MAD</subfield><subfield code="b">P</subfield><subfield code="c">21486950530002122</subfield></datafield><datafield tag="INST" ind1=" " ind2=" "><subfield code="a">01UWI_SF</subfield><subfield code="b">P</subfield><subfield code="c">2132066380002130</subfield></datafield><datafield tag="AVA" ind1=" " ind2=" "><subfield code="0">991386013602122</subfield><subfield code="8">22486950520002122</subfield><subfield code="a">01UWI_MAD</subfield><subfield code="b">WENDT</subfield><subfield code="c">Stacks, 1st Floor</subfield><subfield code="d">TP155 M24 1976</subfield><subfield code="e">available</subfield><subfield code="f">1</subfield><subfield code="g">0</subfield><subfield code="j">stk</subfield><subfield code="k">0</subfield><subfield code="p">1</subfield><subfield code="q">Wendt Commons Library</subfield></datafield><datafield tag="AVA" ind1=" " ind2=" "><subfield code="0">996518523602130</subfield><subfield code="8">2232066370002130</subfield><subfield code="a">01UWI_SF</subfield><subfield code="b">SP</subfield><subfield code="c">Books (4th floor: A-PQ &amp; 5th floor: PR-Z)</subfield><subfield code="d">TP155.7 .M3 1976</subfield><subfield code="e">available</subfield><subfield code="f">1</subfield><subfield code="g">0</subfield><subfield code="j">stack</subfield><subfield code="k">0</subfield><subfield code="p">1</subfield><subfield code="q">UW Stevens Point Library</subfield></datafield><datafield tag="MMS" ind1=" " ind2=" "><subfield code="b">999479894602121</subfield><subfield code="a">01UWI_NETWORK</subfield></datafield><datafield tag="MMS" ind1=" " ind2=" "><subfield code="b">991386013602122</subfield><subfield code="a">01UWI_MAD</subfield></datafield><datafield tag="MMS" ind1=" " ind2=" "><subfield code="b">996518523602130</subfield><subfield code="a">01UWI_SF</subfield></datafield></record>
</metadata>
</record>
</ListRecords>
</OAI-PMH>